@article{Tohgo2006Monte,
  title={Monte Carlo Simulation of Stress Corrosion Cracking in Structural Metal Materials},
  author={Tohgo, Keiichiro and Ogai, Nobuhiro},
  journal={Key Engineering Materials},
  volume={306-308},
  pages={447-452},
  year={2006},
}
@article{Fujii2015Experimental,
	title={Experimental and numerical investigation of stress corrosion cracking of sensitized type 304 stainless steel under high-temperature and high-purity water},
	author={Fujii, Tomoyuki and Tohgo, Keiichiro and Kenmochi, Akihiro and Shimamura, Yoshinobu},
	journal={Corrosion Science},
	volume={97},
	pages={139-149},
	year={2015},
}